<record><leader>00000cas a22000007a 4500</leader><controlfield tag="001">12698657</controlfield><controlfield tag="008">851021d19711974wvuwr ne      0    0eng d</controlfield><datafield ind1=" " ind2=" " tag="010"><subfield code="a">sn 85059584 </subfield></datafield><datafield ind1=" " ind2=" " tag="040"><subfield code="a">WVC</subfield><subfield code="b">eng</subfield><subfield code="c">WVC</subfield><subfield code="d">OCL</subfield><subfield code="d">OCLCQ</subfield></datafield><datafield ind1=" " ind2=" " tag="042"><subfield code="a">msc</subfield></datafield><datafield ind1="0" ind2="0" tag="245"><subfield code="a">Wellsburg Brooke county herald.</subfield></datafield><datafield ind1="3" ind2="0" tag="246"><subfield code="a">Wellsburg herald</subfield></datafield><datafield ind1=" " ind2=" " tag="260"><subfield code="a">Wellsburg, W. Va. :</subfield><subfield code="b">Daily Herald Co.</subfield></datafield><datafield ind1=" " ind2=" " tag="300"><subfield code="a">v.</subfield></datafield><datafield ind1=" " ind2=" " tag="310"><subfield code="a">Weekly</subfield></datafield><datafield ind1="1" ind2=" " tag="362"><subfield code="a">Began in July, 1971; ceased in 1974.</subfield></datafield><datafield ind1=" " ind2=" " tag="588"><subfield code="a">Description based on: Vol. 149, no. 96 (July 22, 1971).</subfield></datafield><datafield ind1=" " ind2=" " tag="752"><subfield code="a">United States</subfield><subfield code="b">West Virginia</subfield><subfield code="c">Brooke</subfield><subfield code="d">Wellsburg.</subfield></datafield><datafield ind1="0" ind2="0" tag="780"><subfield code="t">Wellsburg Brooke County daily herald</subfield><subfield code="w">(DLC)sn 85059583</subfield></datafield></record>